@article{han2024classification,
  title={Classification and automatic scoring of arousal intensity during sleep stages using machine learning},
  author={Han, Hyewon and others},
  journal={Scientific Reports},
  volume={14},
  number={1},
  year={2024},
  month={Dec},
  doi={10.1038/s41598-023-50653-9}
}

@article{tsinalis2016automatic,
  title={Automatic Sleep Stage Scoring Using Time-Frequency Analysis and Stacked Sparse Autoencoders},
  author={Tsinalis, Orestis and others},
  journal={Annals of Biomedical Engineering},
  volume={44},
  number={5},
  year={2016},
  month={May},
  doi={10.1007/s10439-015-1444-y}
}

@article{krakovska2011automatic,
  title={Automatic sleep scoring: A search for an optimal combination of measures},
  author={Krakovsk{\'a}, Anna and Mezeiov{\'a}, Krist{\'i}na},
  journal={Artificial Intelligence in Medicine},
  volume={53},
  number={1},
  year={2011},
  month={Sep},
  doi={10.1016/j.artmed.2011.06.004}
}

@article{biswal2018expert,
  title={Expert-level sleep scoring with deep neural networks},
  author={Biswal, Siddharth and others},
  journal={Journal of the American Medical Informatics Association},
  volume={25},
  number={12},
  year={2018},
  month={Dec},
  doi={10.1093/jamia/ocy131}
}

@article{ronzhina2012sleep,
  title={Sleep scoring using artificial neural networks},
  author={Ronzhina, Marina and others},
  journal={Sleep Medicine Reviews},
  volume={16},
  number={3},
  year={2012},
  month={Jun},
  doi={10.1016/j.smrv.2011.06.003}
}

@article{alsolai2022systematic,
  title={A Systematic Review of Literature on Automated Sleep Scoring},
  author={Alsolai, Hadeel and others},
  journal={IEEE Access},
  volume={10},
  pages={79419--79443},
  year={2022},
  doi={10.1109/ACCESS.2022.3194145}
}

@article{fiorillo2019automated,
  title={Automated sleep scoring: A review of the latest approaches},
  author={Fiorillo, Luigi and others},
  journal={Sleep Medicine Reviews},
  volume={48},
  year={2019},
  month={Dec},
  doi={10.1016/j.smrv.2019.07.007}
}

@article{faust2019review,
  title={A review of automated sleep stage scoring based on physiological signals for the new millennia},
  author={Faust, Oliver and others},
  journal={Computer Methods and Programs in Biomedicine},
  volume={176},
  year={2019},
  month={Jul},
  doi={10.1016/j.cmpb.2019.04.032}
}

@article{chriskos2021review,
  title={A review on current trends in automatic sleep staging through bio-signal recordings and future challenges},
  author={Chriskos, Panteleimon and others},
  journal={Sleep Medicine Reviews},
  volume={55},
  year={2021},
  month={Feb},
  doi={10.1016/j.smrv.2020.101377}
}
